<record><leader>00000cas a22000007a 4500</leader><controlfield tag="001">9330622</controlfield><controlfield tag="008">830321d18541854maudr ne      0    0eng d</controlfield><datafield ind1=" " ind2=" " tag="010"><subfield code="a">sn 83020266 </subfield></datafield><datafield ind1=" " ind2=" " tag="040"><subfield code="a">NPX</subfield><subfield code="b">eng</subfield><subfield code="c">NPX</subfield><subfield code="d">OCLCQ</subfield></datafield><datafield ind1=" " ind2=" " tag="042"><subfield code="a">msc</subfield></datafield><datafield ind1="0" ind2="4" tag="245"><subfield code="a">The Fitchburg daily.</subfield></datafield><datafield ind1=" " ind2=" " tag="260"><subfield code="a">Fitchburg [Mass.] :</subfield><subfield code="b">Plaisted &amp; Baxter,</subfield><subfield code="c">1854-1854.</subfield></datafield><datafield ind1=" " ind2=" " tag="300"><subfield code="a">1 v. ;</subfield><subfield code="c">46 cm.</subfield></datafield><datafield ind1=" " ind2=" " tag="310"><subfield code="a">Daily</subfield></datafield><datafield ind1="0" ind2=" " tag="362"><subfield code="a">Vol. 1, no. 1 (Oct. 16, 1854)-v. 1, no. 3 (Oct. 24, 1854).</subfield></datafield><datafield ind1=" " ind2=" " tag="500"><subfield code="a">"No person of common sense will deny that slavery is the greatest curse on earth, next to Romanism ..."</subfield></datafield><datafield ind1=" " ind2=" " tag="515"><subfield code="a">Vol. 1, no. 3 (Oct. 24, 1854) contains the notice: "We shall suspend publication of the Daily until we arrange matters so as to continue without interruption."</subfield></datafield><datafield ind1=" " ind2=" " tag="752"><subfield code="a">United States</subfield><subfield code="b">Massachusetts</subfield><subfield code="c">Worcester</subfield><subfield code="d">Fitchburg.</subfield></datafield></record>